% ------------------------------------------------------------------------
% BIBLIOGRAPHY FILE
% ------------------------------------------------------------------------


@misc{CDCcase1,
  author = {{CDC}},
  title = {First Travel-related Case of {COVID-19 in United States}},
  howpublished = {\url{https://www.cdc.gov/media/releases/2020/p0121-novel-coronavirus-travel-case.html}},
  year = {2020},
  note = {Accessed: 2022-06-22}
}

@misc{CDCtracker,
  author = {{CDC}},
  title = {{CDC COVID Data Tracker}},
  howpublished = {\url{https://covid.cdc.gov/covid-data-tracker/#datatracker-home}},
  year = {2022},
  note = {Accessed: 2022-06-22}
}

@ARTICLE{Adams-Prassl2020-ya,
  title     = "The {COVID-19} economic crisis",
  author    = "Adams-Prassl, Abi and Cloyne, James and Costa Dias, Monica and
               Parey, Matthias and Ziliak, James P",
  journal   = "Fisc. Stud.",
  publisher = "Wiley",
  volume    =  41,
  number    =  3,
  pages     = "489--492",
  month     =  sep,
  year      =  {2020},
  copyright = "http://onlinelibrary.wiley.com/termsAndConditions\#vor",
  language  = "en"
}

@misc{BEAgdp,
  author = {{Bureau of Economic Analysis}},
  title = {{Gross Domestic Product, 2nd Quarter 2020}},
  howpublished = {\url{https://www.bea.gov/news/2020/gross-domestic-product-2nd-quarter-2020-advance-estimate-and-annual-update#:~:text=Real%20gross%20domestic%20product%20(GDP,the%20Bureau%20of%20Economic%20Analysis}},
  year = {2020}
}

@misc{BLSunemp,
  author = {{Bureau of Labor Statistics}},
  title = {{Unemployment rate rises to record high 14.7 percent in April 2020}},
  howpublished = {\url{https://www.bls.gov/opub/ted/2020/unemployment-rate-rises-to-record-high-14-point-7-percent-in-april-2020.htm}},
  year = {2020}
}

@misc{ODHorder,
  author = {{Ohio Department of Health}},
  title = {{Director's Stay Safe Ohio Order}},
  howpublished = {\url{https://coronavirus.ohio.gov/static/publicorders/Directors-Stay-Safe-Ohio-Order.pdf}},
  year = {2020}
}

@misc{naicspdf,
  author = {{U.S Census}},
  title = {{North American Industry Classification System}},
  howpublished = {\url{https://www.census.gov/naics/reference_files_tools/2022_NAICS_Manual.pdf}},
  year = {2022}
}



@misc{healthpct,
  author = {{KFF}},
  title = {{Health Care Employment as a Percent of Total Employment}},
  howpublished = {\url{https://www.kff.org/other/state-indicator/health-care-employment-as-total/?currentTimeframe=0&sortModel=%7B%22colId%22:%22Location%22,%22sort%22:%22asc%22%7D}},
  year = {2021}
}

@misc{ui,
  author = {{Ohio Department of Job and Family Services}},
  title = {{UI Tax for New Employers}},
  howpublished = {\url{https://jfs.ohio.gov/ouio/uctax/UITaxForNewEmployers.stm}},
  year = {2021}
}

@misc{BLSdata,
  author = {{Bureau of Labor Statistics}},
  title = {{State and Metro Area Employment, Hours, & Earnings}},
  howpublished = {\url{https://www.bls.gov/sae/data/}},
  year = {2022}
}

@misc{ushealthimpact,
  author = {Wager, Amin, Cox and Hughes-Cromwick},
  title = {What impact has the coronavirus pandemic had on health employment?},
  howpublished = {\url{https://www.healthsystemtracker.org/chart-collection/what-impact-has-the-coronavirus-pandemic-had-on-healthcare-employment/#Cumulative%20change%20in%20health%20sector%20and%20non-health%20sector%20employment%20since%20January%201990%C2%A0}},
  year = {2021}
}




